{
  "leader": "02236cam a22003731i 4500",
  "fields": [
    {
      "001": "ocm06414172\\"
    },
    {
      "003": "OCoLC"
    },
    {
      "005": "20220630115236.0"
    },
    {
      "008": "800612s1966\\\\\\\\nyuac\\\\\\\\\\\\\\\\\\000\\0beng\\\\"
    },
    {
      "010": {
        "ind1": "\\",
        "ind2": "\\",
        "subfields": [
          {
            "a": "   66010632 "
          }
        ]
      }
    },
    {
      "040": {
        "ind1": "\\",
        "ind2": "\\",
        "subfields": [
          {
            "a": "DLC"
          },
          {
            "b": "eng"
          },
          {
            "c": "DLC"
          },
          {
            "d": "SER"
          },
          {
            "d": "WSU"
          },
          {
            "d": "IOQ"
          },
          {
            "d": "NLGGC"
          },
          {
            "d": "WY@"
          },
          {
            "d": "UIU"
          },
          {
            "d": "UKMGB"
          },
          {
            "d": "YVO"
          },
          {
            "d": "TXBXL"
          },
          {
            "d": "OCLCF"
          },
          {
            "d": "MDAVP"
          },
          {
            "d": "LUE"
          },
          {
            "d": "CCH"
          },
          {
            "d": "AJS"
          },
          {
            "d": "VSI"
          },
          {
            "d": "IL4J6"
          },
          {
            "d": "OCLCO"
          },
          {
            "d": "OCLCQ"
          }
        ]
      }
    },
    {
      "016": {
        "ind1": "7",
        "ind2": "\\",
        "subfields": [
          {
            "a": "002296020"
          },
          {
            "2": "Uk"
          }
        ]
      }
    },
    {
      "019": {
        "ind1": "\\",
        "ind2": "\\",
        "subfields": [
          {
            "a": "563650"
          },
          {
            "a": "561461918"
          },
          {
            "a": "643242242"
          },
          {
            "a": "977058530"
          },
          {
            "a": "1004465660"
          },
          {
            "a": "1145245084"
          },
          {
            "a": "1153216541"
          },
          {
            "a": "1166469648"
          },
          {
            "a": "1200998618"
          },
          {
            "a": "1282025268"
          }
        ]
      }
    },
    {
      "035": {
        "ind1": "\\",
        "ind2": "\\",
        "subfields": [
          {
            "a": "(OCoLC)6414172"
          },
          {
            "z": "(OCoLC)563650"
          },
          {
            "z": "(OCoLC)561461918"
          },
          {
            "z": "(OCoLC)643242242"
          },
          {
            "z": "(OCoLC)977058530"
          },
          {
            "z": "(OCoLC)1004465660"
          },
          {
            "z": "(OCoLC)1145245084"
          },
          {
            "z": "(OCoLC)1153216541"
          },
          {
            "z": "(OCoLC)1166469648"
          },
          {
            "z": "(OCoLC)1200998618"
          },
          {
            "z": "(OCoLC)1282025268"
          }
        ]
      }
    },
    {
      "042": {
        "ind1": "\\",
        "ind2": "\\",
        "subfields": [
          {
            "a": "premarc"
          }
        ]
      }
    },
    {
      "050": {
        "ind1": "0",
        "ind2": "0",
        "subfields": [
          {
            "a": "TK6545.S3"
          },
          {
            "b": "L9"
          }
        ]
      }
    },
    {
      "060": {
        "ind1": "\\",
        "ind2": "4",
        "subfields": [
          {
            "a": "000073002"
          }
        ]
      }
    },
    {
      "082": {
        "ind1": "0",
        "ind2": "4",
        "subfields": [
          {
            "a": "621.380924"
          },
          {
            "b": "LYO"
          }
        ]
      }
    },
    {
      "100": {
        "ind1": "1",
        "ind2": "\\",
        "subfields": [
          {
            "a": "Lyons, Eugene,"
          },
          {
            "d": "1898-1985."
          }
        ]
      }
    },
    {
      "245": {
        "ind1": "1",
        "ind2": "0",
        "subfields": [
          {
            "a": "David Sarnoff :"
          },
          {
            "b": "a biography."
          }
        ]
      }
    },
    {
      "250": {
        "ind1": "\\",
        "ind2": "\\",
        "subfields": [
          {
            "a": "[1st ed.]."
          }
        ]
      }
    },
    {
      "260": {
        "ind1": "\\",
        "ind2": "\\",
        "subfields": [
          {
            "a": "New York :"
          },
          {
            "b": "Harper & Row,"
          },
          {
            "c": "[1966]"
          }
        ]
      }
    },
    {
      "300": {
        "ind1": "\\",
        "ind2": "\\",
        "subfields": [
          {
            "a": "x, 372 pages :"
          },
          {
            "b": "illustrations, portraits ;"
          },
          {
            "c": "25 cm"
          }
        ]
      }
    },
    {
      "336": {
        "ind1": "\\",
        "ind2": "\\",
        "subfields": [
          {
            "a": "text"
          },
          {
            "b": "txt"
          },
          {
            "2": "rdacontent"
          }
        ]
      }
    },
    {
      "337": {
        "ind1": "\\",
        "ind2": "\\",
        "subfields": [
          {
            "a": "unmediated"
          },
          {
            "b": "n"
          },
          {
            "2": "rdamedia"
          }
        ]
      }
    },
    {
      "338": {
        "ind1": "\\",
        "ind2": "\\",
        "subfields": [
          {
            "a": "volume"
          },
          {
            "b": "nc"
          },
          {
            "2": "rdacarrier"
          }
        ]
      }
    },
    {
      "520": {
        "ind1": "\\",
        "ind2": "\\",
        "subfields": [
          {
            "a": "The story of an immigrant boy who became an industrial giant."
          }
        ]
      }
    },
    {
      "505": {
        "ind1": "0",
        "ind2": "\\",
        "subfields": [
          {
            "a": "Success story -- Twin of the electron -- Boyhood in the promised land -- The formative years -- The Titanic and the music box -- The radio corporation is born -- \"Sarnoff's Folly\" -- The self-appointed leader -- Prophet with honor -- Networks and talkies -- A new president is born -- Double trouble -- The Roosevelt years -- Quest for quality -- Struggle for television -- At the half-century mark -- Another World War -- In the European theatre -- D Day and after -- Father of television -- Roster of setbacks -- Triumph for color -- Tribute in gold -- The crusade that failed -- The \"Public Figure\" -- In the eighth decade."
          }
        ]
      }
    },
    {
      "600": {
        "ind1": "1",
        "ind2": "0",
        "subfields": [
          {
            "a": "Sarnoff, David,"
          },
          {
            "d": "1891-1971."
          }
        ]
      }
    },
    {
      "600": {
        "ind1": "1",
        "ind2": "7",
        "subfields": [
          {
            "a": "Sarnoff, David,"
          },
          {
            "d": "1891-1971."
          },
          {
            "2": "fast"
          },
          {
            "0": "(OCoLC)fst00169209"
          }
        ]
      }
    },
    {
      "776": {
        "ind1": "0",
        "ind2": "8",
        "subfields": [
          {
            "i": "Online version:"
          },
          {
            "a": "Lyons, Eugene, 1898-1985."
          },
          {
            "t": "David Sarnoff."
          },
          {
            "b": "[1st ed.]."
          },
          {
            "d": "New York, Harper & Row [1966]"
          },
          {
            "w": "(OCoLC)609747538"
          }
        ]
      }
    },
    {
      "994": {
        "ind1": "\\",
        "ind2": "\\",
        "subfields": [
          {
            "a": "Z0"
          },
          {
            "b": "NYRVC"
          }
        ]
      }
    },
    {
      "948": {
        "ind1": "\\",
        "ind2": "\\",
        "subfields": [
          {
            "h": "NO HOLDINGS IN NYRVC - 1156 OTHER HOLDINGS"
          }
        ]
      }
    },
    {
      "999": {
        "ind1": "\\",
        "ind2": "\\",
        "subfields": [
          {
            "a": "00000000019513"
          }
        ]
      }
    }
  ]
}